@book{tanenbaum2009sistemas,
  title={Sistemas Operacionais: Projetjos e Implementa{\c{c}}{\~a}o},
  author={Tanenbaum, Andrew S and Woodhull, Albert S},
  year={2009},
  publisher={Bookman Editora}
}
